@Manual{fitzRoy,
  title = {fitzRoy: Easily Scrape and Process AFL Data},
  author = {James Day and Robert Nguyen and Oscar Lane},
  year = {2020},
  note = {R package version 0.3.2},
  url = {https://CRAN.R-project.org/package=fitzRoy},
}

@Article{mgcv,
  title = {Fast stable restricted maximum likelihood and marginal 
likelihood estimation of semiparametric generalized linear models},
  journal = {Journal of the Royal Statistical Society (B)},
  volume = {73},
  number = {1},
  pages = {3-36},
  year = {2011},
  author = {S. N. Wood},
}

@Article{mgcViz,
  author = {Matteo Fasiolo and Raphael Nedellec and Yannig Goude and Simon N. Wood},
  title = {Scalable visualisation methods for modern Generalized Additive Models.},
  journal = {Arxiv preprint},
  year = {2018},
  url = {https://arxiv.org/abs/1707.03307},
}

@Article{10.1214/ss/1177013604,
author = {Trevor Hastie and Robert Tibshirani},
title = {{Generalized Additive Models}},
volume = {1},
journal = {Statistical Science},
number = {3},
publisher = {Institute of Mathematical Statistics},
pages = {297 -- 310},
keywords = {generalized linear models, nonlinearity, Nonparametric regression, partial residuals, smoothing},
year = {1986},
doi = {10.1214/ss/1177013604},
URL = {https://doi.org/10.1214/ss/1177013604},
}

@Article{wood,
author = {S. N. Wood},
title = {Frequently Asked Questions for package mgcv},
url = {http://web.mit.edu/~r/current/arch/i386_linux26/lib/R/library/mgcv/html/mgcv-FAQ.html},
}

@book{R:Faraway:2004,
  author = {Julian J. Faraway},
  title = {Linear Models with R},
  publisher = {Chapman & Hall/CRC},
  year = {2004},
  url = {http://www.maths.bath.ac.uk/ jjf23/LMR/}
}

@book{multi1,
  author = {J. F. Hair and W. C. Black, and B. J. Babin and  R. E. Anderson},
  title = {Multivariate data analysis (7th ed.)},
  publisher = {Upper saddle River, New Jersey: Pearson Education International},
  year = {2010}
}

@book{multi2,
  author = {J. F. Hair and R. E. Anderson and R. L. Tatham and W. C. Black},
  title = {Multivariate data analysis (3rd ed.)},
  publisher = {Macmillan Publishing Company, New York},
  year = {1995}
}

@book{everyone,
  author = {Jim Main and Russel Holmesby},
  title = {The Encyclopedia of AFL Footballers: Every AFL/VFL Player Since 1897},
  publisher = {Bas Publishing},
  year = {2018}
}

@book{everygame,
  author = {Stephen Rodgers},
  title = {Every game ever played: VFL/AFL results, 1897-1995},
  publisher = {Viking},
  year = {1996}
}
