

@article{theunissenMechanismsGeneRegulation2017,
	author = {Theunissen, Thorold W. and Jaenisch, Rudolf},
	copyright = {\textcopyright{} 2017. Published by The Company of Biologists Ltd.},
	doi = {10.1242/dev.157404},
	issn = {1477-9129 0950-1991},
	journal = {Development (Cambridge, England)},
	keywords = {*Chromatin,*Embryogenesis,*Epigenetics,*Pluripotency,*Reprogramming,*Transcription,Cellular Reprogramming/*genetics,Embryo; Mammalian,Embryonic Development/*physiology,Embryonic Stem Cells/*metabolism,Gene Expression Regulation; Developmental/*genetics,Humans,Pluripotent Stem Cells/*metabolism},
	langid = {english},
	month = dec,
	number = {24},
	pages = {4496--4509},
	pmcid = {PMC5769625},
	pmid = {29254992},
	title = {Mechanisms of Gene Regulation in Human Embryos and Pluripotent Stem Cells.},
	volume = {144},
	year = {2017},
	bdsk-url-1 = {https://doi.org/10.1242/dev.157404}}



@article{10.1634/stemcells.22-1-51,
	author = {Richards, Mark and Tan, Siew-Peng and Tan, Jee-Hian and Chan, Woon-Khiong and Bongso, Ariff},
	doi = {10.1634/stemcells.22-1-51},
	eprint = {https://academic.oup.com/stmcls/article-pdf/22/1/51/41024007/stmcls\textbackslash\_22\textbackslash\_1\textbackslash\_51.pdf},
	issn = {1066-5099},
	journal = {Stem cells (Dayton, Ohio)},
	month = jan,
	number = {1},
	pages = {51--64},
	title = {The Transcriptome Profile of Human Embryonic Stem Cells as Defined by {{SAGE}}},
	volume = {22},
	year = {2004},
	bdsk-url-1 = {https://doi.org/10.1634/stemcells.22-1-51}}
	


@article{PAPATSENKO2018180,
	author = {Dmitri Papatsenko and Avinash Waghray and Ihor R. Lemischka},
	doi = {https://doi.org/10.1016/j.scr.2018.02.012},
	issn = {1873-5061},
	journal = {Stem Cell Research},
	keywords = {Embryonic stem cells, Gene networks, Feedback control, Cellular memory},
	pages = {180-188},
	title = {Feedback control of pluripotency in embryonic stem cells: Signaling, transcription and epigenetics},
	url = {https://www.sciencedirect.com/science/article/pii/S1873506118300564},
	volume = {29},
	year = {2018},
	bdsk-url-1 = {https://www.sciencedirect.com/science/article/pii/S1873506118300564},
	bdsk-url-2 = {https://doi.org/10.1016/j.scr.2018.02.012}}



@article{atlasiInterplayEpigeneticMarks2017,
  author = {Yaser Atlasi and Hendrik G. Stunnenberg},
	doi = {10.1038/nrg.2017.57},
	issn = {1471-0064},
	journal = {Nature Reviews Genetics},
	month = nov,
	number = {11},
	pages = {643--658},
	title = {The Interplay of Epigenetic Marks during Stem Cell Differentiation and Development},
	volume = {18},
	year = {2017},
	bdsk-url-1 = {https://doi.org/10.1038/nrg.2017.57}}
	
	
	
@article{gibneyEpigeneticsGeneExpression2010a,
  author = {Eileen R. Gibney and Catherine M. Nolan},
	doi = {10.1038/hdy.2010.54},
	issn = {1365-2540},
	journal = {Heredity},
	month = jul,
	number = {1},
	pages = {4--13},
	title = {Epigenetics and Gene Expression},
	volume = {105},
	year = {2010},
	bdsk-url-1 = {https://doi.org/10.1038/hdy.2010.54}}


