@Manual{,
  title = {fitzRoy: Easily Scrape and Process AFL Data},
  author = {James Day and Robert Nguyen and Oscar Lane},
  year = {2020},
  note = {R package version 0.3.2},
  url = {https://CRAN.R-project.org/package=fitzRoy},
}
