@misc{UEA_UCR_Repo,
  title={The UEA & UCR Time Series Classification Repository},
  author={Anthony Bagnall, Jason Lines, William Vickers and Eamonn Keogh},
  url={www.timeseriesclassification.com},
  year={2022}
}

@misc{CityMelb,
  title={City of Melbourne: Pedestrian Counting System},
  author={City of Melbourne},
  url={http://www.pedestrian.melbourne.vic.gov.au/#date=11-06-2018&time=4},
  year={2022}
}
